@article{sample2024,
  title={A Sample Reference for Testing},
  author={Sample, Author},
  journal={Test Journal},
  volume={1},
  number={1},
  pages={1--10},
  year={2024},
  publisher={Test Publisher}
}

@book{example2023,
  title={Example Book for Bibliography Testing},
  author={Example, Writer},
  year={2023},
  publisher={Example Press}
}